<?xml version="1.0" encoding="UTF-8"?><collection xmlns="http://www.loc.gov/MARC21/slim"><record><leader>00349nam--2200133-i-4500</leader><controlfield tag="001">000031930</controlfield><controlfield tag="002">20161230</controlfield><controlfield tag="005">20161230201038</controlfield><controlfield tag="008">060222s1000------------r-----000-0-eng-d</controlfield><datafield ind1=" " ind2=" " tag="080"><subfield code="a">621.38:681.5</subfield></datafield><datafield ind1=" " ind2=" " tag="100"><subfield code="a">Maiorov, F.V</subfield></datafield><datafield ind1=" " ind2=" " tag="245"><subfield code="a">Regulatoare electronice. traducere din limba rusa</subfield></datafield><datafield ind1=" " ind2=" " tag="260"><subfield code="a">Bucuresti, Editura Tehnica 1960. 455p</subfield></datafield><datafield ind1=" " ind2=" " tag="852"><subfield code="a">76210</subfield></datafield></record></collection>